<?xml version="1.0" encoding="UTF-8"?><record xmlns="http://www.loc.gov/MARC21/slim" xmlns:cinclude="http://apache.org/cocoon/include/1.0" xmlns:zs="http://www.loc.gov/zing/srw/">
  <leader>00624cz  a2200157n  4500</leader>
  <controlfield tag="001">n  97076410 </controlfield>
  <controlfield tag="003">DLC</controlfield>
  <controlfield tag="005">20121103074839.0</controlfield>
  <controlfield tag="008">970730n| azannaab           |a aaa      </controlfield>
  <datafield tag="010" ind1=" " ind2=" ">
    <subfield code="a">n  97076410 </subfield>
  </datafield>
  <datafield tag="040" ind1=" " ind2=" ">
    <subfield code="a">DLC</subfield>
    <subfield code="c">DLC</subfield>
    <subfield code="d">DLC</subfield>
    <subfield code="e">rda</subfield>
  </datafield>
  <datafield tag="100" ind1="1" ind2=" ">
    <subfield code="a">Bynum, Janie</subfield>
  </datafield>
  <datafield tag="400" ind1="1" ind2=" ">
    <subfield code="a">Bynum, Jane K.</subfield>
  </datafield>
  <datafield tag="670" ind1=" " ind2=" ">
    <subfield code="a">Bubbe &amp; Gram, c1996:</subfield>
    <subfield code="b">t.p. (Jane K. Bynum; ill.)</subfield>
  </datafield>
  <datafield tag="670" ind1=" " ind2=" ">
    <subfield code="a">Altoona Baboona, 1999:</subfield>
    <subfield code="b">CIP t.p. (Jane Bynum) CIP data sheet (b. Mar. 2, 1962) chg. req. from pub. (name previously submitted: Bynum, Jane K.; new name: Janie Bynum)</subfield>
  </datafield>
  <datafield tag="670" ind1=" " ind2=" ">
    <subfield code="a">Bynum, Janie. Noah's magic shoes, [2010]:</subfield>
    <subfield code="b">t.p. (retold and illustrated by Janie Bynum)</subfield>
  </datafield>
</record>